@MISC{gardner,
  author={Martin Gardner},
  title={MATHEMATICAL GAMES - The fantastic combinations of John Conway's new solitaire game "life"},
  howpublished={\\\url{https://web.stanford.edu/class/sts145/Library/life.pdf}},
  year={1970}
}

@MISC{openmp,
  title={OpenMP Application Programming Interface 5.0},
  howpublished={\\\url{https://www.openmp.org/wp-content/uploads/OpenMP-API-Specification-5.0.pdf}},
  year={2018}
}

@MISC{rudl,
  author={Jan Rudl},
  title={\textit{Einf\"{u}hrung in {\LaTeX} - {K}urs}},
  year={2017},
  howpublished={\\\url{https://tu-dresden.de/mn/math/stochastik/das-institut/beschaeftigte/jan-rudl/latex_win}}
}


@BOOK{kopka,
  author={Helmut Kopka},
  title={{\LaTeX: eine Einf\"{u}hrung}},
  publisher={{Addison-Wesley}},
  year={1992}
}
